<?xml version="1.0" encoding="UTF-8"?><collection xmlns="http://www.loc.gov/MARC21/slim"><record><leader>00490nam--2200193-u-4500</leader><controlfield tag="001">000055200</controlfield><controlfield tag="002">20161230</controlfield><controlfield tag="005">20161230201052</controlfield><controlfield tag="008">121123s1000------------r-----000-0-rus-d</controlfield><datafield ind1=" " ind2=" " tag="040"><subfield code="a">IFIN-HH</subfield></datafield><datafield ind1=" " ind2=" " tag="041"><subfield code="a">rus</subfield></datafield><datafield ind1=" " ind2=" " tag="080"><subfield code="a">538.95:620.162.4</subfield></datafield><datafield ind1="1" ind2=" " tag="100"><subfield code="a">Savici, P</subfield></datafield><datafield ind1="1" ind2="0" tag="245"><subfield code="a">Povedenie materialov pri visokih davleniah</subfield><subfield code="c">P. savici, r.kasanin</subfield></datafield><datafield ind1=" " ind2=" " tag="260"><subfield code="a">Kiev</subfield><subfield code="b">Naukova Dumka</subfield><subfield code="c">1976</subfield></datafield><datafield ind1=" " ind2=" " tag="300"><subfield code="a">263P</subfield></datafield><datafield ind1="1" ind2=" " tag="700"><subfield code="a">Kasanin, R</subfield></datafield><datafield ind1=" " ind2=" " tag="852"><subfield code="a">75054</subfield><subfield code="c">539.2</subfield></datafield><datafield ind1=" " ind2=" " tag="CAT"><subfield code="a">Sys</subfield><subfield code="c">20121123</subfield><subfield code="h">121013</subfield></datafield></record></collection>